@misc{nemec_2016, title={Bug 1384344 – CVE-2016-5195 kernel: mm: privilege escalation via MAP\_PRIVATE COW breakage}, url={https://bugzilla.redhat.com/show_bug.cgi?id=1384344}, journal={Bug 1384344 – CVE-2016-5195 kernel: mm: privilege escalation via MAP\_PRIVATE COW breakage}, author={Nemec, Andrej}, year={2016}, month={Oct}}
